@online{Thuysan,
  author = {Hải Đăng},
  title = {Nhận diện cơ hội và thách thức của xuất khẩu tôm Việt Nam},
  year =2023 ,
  url = {https://tongcucthuysan.gov.vn/vi-vn/th%C6%B0%C6%A1ng-m%E1%BA%A1i-th%E1%BB%A7y-s%E1%BA%A3n/xu%E1%BA%A5t-nh%E1%BA%ADp-kh%E1%BA%A9u/doc-tin/019457/2023-08-03/nhan-dien-co-hoi-va-thach-thuc-cua-xuat-khau-tom-viet-nam},
  urldate = {26-8-2024}
}
@online{LoRaAlliance,
  author = {LoRa Alliance},
  title = { LoRaWAN Specification V1.0},
  year =2015,
  url = {https://resources.lora-alliance.org/technical-specifications/lorawan-specification-v1-0},
  urldate = {26-8-2024}
}
@online{DO,
  author = {Thu Hiền},
  title = { ẢNH HƯỞNG CỦA NHIỆT ĐỘ LÊN SINH TRƯỞNG VÀ PHÁT TRIỂN CỦA TÔM},
  year =2023,
  url = {https://ambio.vn/anh-huong-cua-nhiet-do-len-sinh-tr%C6%B0%C6%A1ng-va-phat-trien-cua-tom},
  urldate = {26-8-2024}
}
@online{HeadPH,
  author = { pH Electrodes},
  title = {Types of Reference Systems},
  year =2023,
  url = {https://www.ysi.com/ysi-blog/water-blogged-blog/2019/02/anatomy-of-ph-electrodes},
  urldate = {26-8-2024}
}
@online{EC,
  author = {Conductivity},
  title = {Conductivity},
  year =2023,
  url = {https://andyjconnelly.wordpress.com/2017/07/14/conductivity-of-a-solution/},
  urldate = {26-8-2024}
}
@online{Conductivity,
  author = {Ahlborn},
  title = {Basics of water analysis},
  year =2023,
  url = {https://www.ahlborn.com/en/basics/water-analysis},
  urldate = {26-8-2024}
}
@online{NTC,
  author = {NTC},
  title = {NTC},
  year =2023,
  url = {https://www.electrical4u.com/thermistor/},
  urldate = {26-8-2024}
}
@online{Analog,
  author = {Analog},
  title = {Analog-to-digital converters basics},
  year =2023,
  url = {https://www.arrow.com/en/research-and-events/articles/engineering-resource-basics-of-analog-to-digital-converters},
  urldate = {26-8-2024}
}
@online{I2C,
  author = {Nguyễn Chí Linh},
  title = {GiaotiepI2C},
  year =2023,
  url = {https://www.academia.edu/22466399/Giao_tiep_I2C},
  urldate = {26-8-2024}
}
@online{SPI,
  author = {Giao tiếp SPI với vi điều khiển PIC},
  title = {Giaotiepspi},
  year =2023,
  url = {https://kdientu.duytan.edu.vn/media/133758/cac-kien-thuc-co-ban-ve-spi-tren-pic.pdf},
  urldate = {26-8-2024}
}
@online{UART,
  author = {Mary Grace Legaspi},
  title = {UART: A Hardware Communication Protocol Understanding Universal Asynchronous Receiver/Transmitter},
  year =2023,
  url = {https://www.analog.com/en/resources/analog-dialogue/articles/uart-a-hardware-communication-protocol.html},
  urldate = {26-8-2024}
}

@online{LAQUA,
  author = {LAQUA},
  title = {Galvanic vs Optical Dissolved Oxygen Sensors},
  year =2023,
  url = {https://www.horiba.com/int/water-quality/support/technical-tips/electrodes/galvanic-vs-optical-dissolved-oxygen-sensors/},
  urldate = {26-8-2024}
}
@online{ambio,
  author = {Ambio},
  title = { Tầm quan trọng và biện pháp kiểm soát hàm lượng oxy hòa tan trong nuôi trồng thủy sản},
  year =2023,
  url = {https://nguoinuoitom.vn/tam-quan-trong-va-bien-phap-kiem-soat-ham-luong-oxy-hoa-tan-trong-nuoi-trong-thuy-san/},
  urldate = {26-8-2024}
}
@article{jing2014security,
  title={Security of the Internet of Things: perspectives and challenges},
  author={Jing, Qi and Vasilakos, Athanasios V and Wan, Jiafu and Lu, Jingwei and Qiu, Dechao},
  journal={Wireless networks},
  volume={20},
  pages={2481--2501},
  year={2014},
  publisher={Springer}
}
@online{NuoiTom,
  author = {Tincay2024},
  title = {Ảnh Hưởng Của pH Đến Ao Nuôi Tôm},
  year =2019,
  url = {https://tincay.com/anh-huong-cua-ph-den-ao-nuoi-tom/},
  urldate = {26-8-2024}
}
@online{GPS,
  author = {Nasa},
  title = {Global Positioning System (GPS)},
  year =1980,
  url = {https://timeandnavigation.si.edu/satellite-navigation/gps},
  urldate = {26-8-2024}
}
@online{Meshtopology,
  author = {educative},
  title = {What is mesh topology?},
  year =2024,
  url = {https://www.educative.io/answers/what-is-mesh-topology},
  urldate = {26-8-2024}
}

@online{ARM,
  author = {geeksforgeeks},
  title = {Advanced RISC Machine (ARM) Processor},
  year =2022,
  url = {https://www.geeksforgeeks.org/advanced-risc-machine-arm-processor/},
  urldate = {26-8-2024}
}
@article{ansari2018internet,
  title={Internet of things (iot) protocols: a brief exploration of mqtt and coap},
  author={Ansari, Danish Bilal and Rehman, Atteeq-Ur and Ali, Rizwan},
  journal={International Journal of Computer Applications},
  volume={179},
  number={27},
  pages={9--14},
  year={2018}
}
@online{uNGDUNGiot,
  author = {Homeq},
  title = {Xây dựng đô thị thông minh: Tăng cường nghiên cứu, ứng dụng công nghệ Internet vạn vật},
  year =2023,
  url = {https://homeq.vn/chia-se/kien-thuc/xay-dung-do-thi-thong-minh-tang-cuong-nghien-cuu-ung-dung-cong-nghe-internet-van-vat},
  urldate = {26-8-2024}
}
@online{IOT,
  author = {aws},
  title = {IoT (Internet of Things) là gì?},
  year =2019,
  url = {https://aws.amazon.com/vi/what-is/iot/},
  urldate = {26-8-2024}
}
@online{GPIO,
	author = {GPIO},
	title = {General-purpose input/output},
	year =2019,
	url = {https://en.wikipedia.org/wiki/General-purpose_input/output},
	urldate = {26-8-2024}
}
@online{VNU,
	author = {VNUKHTN},
	title = {KHTN},
	year =2019,
	url={https://hus.vnu.edu.vn/gioi-thieu/co-cau-to-chuc/trung-tam-nghien-cuu/ttnc-cong-nghe-moi-truong-pttbv.html},
	urldate = {26-8-2024}
}
@online{pHDF,
	author = {DFRobot PH},
	title = {Analog pH},
	year =2019,
	url={https://wiki.dfrobot.com/Gravity__Analog_pH_Sensor_Meter_Kit_V2_SKU_SEN0161-V2},
	urldate = {26-8-2024}
}
@online{DODF,
	author = {DFRobot Do},
	title = {Analog DO},
	year =2019,
	url={https://wiki.dfrobot.com/Gravity__Analog_Dissolved_Oxygen_Sensor_SKU_SEN0237},
	urldate = {26-8-2024}
}
@online{ECDF,
	author = {DFRobot EC},
	title = {Analog EC},
	year =2019,
	url={https://wiki.dfrobot.com/Gravity_Analog_Electrical_Conductivity_Sensor_Meter_K=10_SKU_DFR0300-H},
	urldate = {26-8-2024}
}
@online{GPS_mol,
	author ={GPSdatasheer},
	title = {Datasheet GPS},
	year =2019,
	url={https://www.lcsc.com/datasheet/lcsc_datasheet_1810261521_ZHONGKEWEI-ATGM336H-5N31_C90770.pdf},
	urldate = {26-8-2024}
}
@online{relay,
	author = {relay},
	title = {Datasheet relay},
	year =2019,
	url={https://components101.com/sites/default/files/component_datasheet/5V%20Relay%20Datasheet.pdf},
	urldate = {26-8-2024}
}
@online{ICCN3795,
	author = {ICCN3795},
	title = {Datasheet ICCN3795},
	year =2019,
	url={https://pdf1.alldatasheet.com/datasheet-pdf/view/1133239/CONSONANCE/CN3795.html},
	urldate = {26-8-2024}
}
@online{SX1278,
	author = {SEMTECH},
	title = {Datasheet SX1278},
	year =2019,
	url={https://pdf1.alldatasheet.com/datasheet-pdf/view/501039/SEMTECH/SX1278.html},
	urldate = {26-8-2024}
}
@online{a7670c,
	author = {CHINNAA7670C},
	title = {DatasheetA7670C},
	year =2019,
	url={https://nostris.ee/pdf/A7670%20Series%20Hardware%20Design_V1.00.pdf},
	urldate = {26-8-2024}
}
@online{TFT1.8,
	author = {CHINATFT},
	title = {DatasheetTFT18},
	year =2019,
	url={https://nshopvn.com/product/man-hinh-lcd-tft-1-8-inch-st7735-giao-tiep-spi/},
	urldate = {26-8-2024}
}
@online{TFT3.5,
	author = {CHINATFT35},
	title = {DatasheetTFT35},
	year =2019,
	url={https://www.indiamart.com/proddetail/3-5-inch-tft-color-display-screen-module-320-x-480-support-arduino-uno-mega2560-20086526255.html},
	urldate = {26-8-2024}
}
@online{ntcdata,
	author = {CHINNA},
	title = {Datasheet NTC},
	year =2019,
	url={https://www.okystar.com/product-item/ntc-thermistor-ntc-10k-oky3065-5/},
	urldate = {26-8-2024}
}
@online{esp32s3,
	author = {CHINNA},
	title = {Datasheet esp32s3},
	year =2019,
	url={https://docs.espressif.com/projects/esp-idf/en/stable/esp32s3/get-started/index.html},
	urldate = {26-8-2024}
}
@article{phat,
	title={{\DJ}Ề XUẤT m{\^o} h{\`\i}nh mạng cảm biến kh{\^o}ng d{\^a}y gi{\'a}m s{\'a}t m{\^o}i trường nước phục vụ ph{\'a}t triển nu{\^o}i t{\^o}m ch{\^a}n trắng a PROPOSED MODEL USING WSN MONITORING WATER ENVIRONMENT FOR DEVELOPMENT white shrimp},
	author={Ph{\'a}t, Nguyễn Hữu}
}
@online{Thuysanta,
  author = {ThS. Lê Anh Xuân},
  title = { QUY TRÌNH NUÔI TÔM THẺ CHÂN TRẮNG SIÊU THÂM CANH 02 GIAI ĐOẠN ÍT THAY NƯỚC THEO CÔNG NGHỆ TRÚC ANH},
  year =2017,
  url = {https://view.officeapps.live.com/op/view.aspx?src=https%3A%2F%2Ftongcucthuysan.gov.vn%2FPortals%2F0%2F001a_Quy%2520trinh-QD%2520TBKT-truc%2520anh.docx&wdOrigin=BROWSELINK},
  urldate = {26-8-2024}
}


@article{augustin2016study,
  title={A study of LoRa: Long range \& low power networks for the internet of things},
  author={Augustin, Alo{\"y}s and Yi, Jiazi and Clausen, Thomas and Townsley, William Mark},
  journal={Sensors},
  volume={16},
  number={9},
  pages={1466},
  year={2016},
  publisher={MDPI}
}
@online{SocTrang,
  author = {Chanh Đa},
  title = {Các yếu tố môi trường, thời tiết gây ảnh hưởng đến vụ nuôi tôm 2020},
  year =2020 ,
  url = {https://sokhdt.soctrang.gov.vn/ubnd-stg/4/469/2258/316736/Tin-tuc--su-kien/Cac-yeu-to-moi-truong--thoi-tiet-gay-anh-huong-den-vu-nuoi-tom-2020.aspx},
  urldate = {22-8-2024}
}
@online{VTVGo,
  author = {Ban Thời sự},
  title = {Tôm chết do thời tiết thất thường},
  year =2024,
  url = {https://vtv.vn/xa-hoi/tom-chet-do-thoi-tiet-that-thuong-20240610101851446.htm},
  urldate = {28-6-2024}
}
@online{HannaHI9829,
  author = {HACH},
  title = {HQd Digital Meters and IntelliCAL? Probes},
  year =2020 ,
  url = {https://pdf.archiexpo.com/pdf/hach/hqd-digital-meters-intellical-probes/79815-249384.html},
  urldate = {28-6-2024}
}
@online{E-SENSORAQUA ,
  author = {E-SENSOR AQUA},
  title = {E-SENSOR AQUA – MONITOR QUALITY WATER ONLINE
HỆ THỐNG GIÁM SÁT – CẢNH BÁO MÔI TRƯỜNG NƯỚC THỦY SẢN ONLINE QUA INTERNET },
  year =2020 ,
  url = {https://eplusi.net/en/products/e-sensor-aqua-monitoring-quality-water-system/},
  urldate = {28-6-2024}
}
% Các đánh giá thực về lora
@article{lopez2020performance,
  title={Performance evaluation of long range (LoRa) wireless RF technology for the Internet of Things (IoT) using Dragino LoRa at 915 MHz},
  author={Lopez Chalacan, Victor Hugo},
  year={2020}   
}
% THỰC NGHIỆM VỀ LORA vế khoảng cách truyền
@inproceedings{shuda2018towards,
  title={Towards module-level performance and health monitoring of solar PV plants using LoRa wireless sensor networks},
  author={Shuda, JE and Rix, AJ and Booysen, MJ},
  booktitle={2018 IEEE PES/IAS PowerAfrica},
  pages={172--177},
  year={2018},
  organization={IEEE} 
}
% Công thức chính của Lora
@article{semtech2015an1200,
  title={AN1200. 22},
  author={Semtech, A and Basics, Modulation},
  journal={LoRa Modulation Basics},
  volume={46},
  year={2015} 
}
% Công thức trong tính toán thời gian của đường truyền.
@article{mai2020multi,
  title={Multi-hop LoRa network protocol with minimized latency},
  author={Mai, Dinh Loc and Kim, Myung Kyun},
  journal={Energies},
  volume={13},
  number={6},
  pages={1368},
  year={2020},
  publisher={MDPI} 
}
@article{batatina2021aplikimi,
  title={Aplikimi i Mikrokontroller{\"e}ve n{\"e} Mekatronik{\"e}},
  author={Batatina, Visar},
  year={2021},
  doi={10.33107/ubt-etd.2021.2766}}
}
@article{zhang2019spread,
  title={Spread spectrum algorithm resistance to wideband non-stationary interference<? show [AQ ID= Q1]?>},
  author={Zhang, Chenlu and Dang, Hua and Xiong, Yifeng and Yan, Tianqi},
  journal={The Journal of Engineering},
  volume={2019},
  number={21},
  pages={7747--7751},
  year={2019},
  publisher={Wiley Online Library}
}
@inproceedings{wang2008performance,
  title={Performance of chirp spread spectrum in wireless communication systems},
  author={Wang, Xiaowei and Fei, Minrui and Li, Xin},
  booktitle={2008 11th IEEE Singapore International Conference on Communication Systems},
  pages={466--469},
  year={2008},
  organization={IEEE}
}
@inproceedings{ochoa2017evaluating,
  title={Evaluating LoRa energy efficiency for adaptive networks: From star to mesh topologies},
  author={Ochoa, Moises Nunez and Guizar, Arturo and Maman, Mickael and Duda, Andrzej},
  booktitle={2017 IEEE 13th International Conference on Wireless and Mobile Computing, Networking and Communications (WiMob)},
  pages={1--8},
  year={2017},
  organization={IEEE}
}
@book{chaudhari2020lpwan,
  title={LPWAN technologies for IoT and M2M applications},
  author={Chaudhari, Bharat S and Zennaro, Marco},
  year={2020},
  publisher={Academic Press}
}
@article{qin2012matlab,
  title={Matlab/Simulink-based research on maximum power point tracking of photovoltaic generation},
  author={Qin, Lijun and Lu, Xiao},
  journal={Physics Procedia},
  volume={24},
  pages={10--18},
  year={2012},
  publisher={Elsevier}
}
@inproceedings{batt2022design,
  title={Design and optimization of solar using MPPT algorithm in electric vehicle},
  author={Batt, Akib Ali and Bhat, Rafooz Ahmad and Pardeshi, DB and William, P and Gondkar, Snehal Sumit and Matharu, Harpreet Singh},
  booktitle={2022 6th International conference on intelligent computing and control systems (ICICCS)},
  pages={226--230},
  year={2022},
  organization={IEEE}
}
@article{rokonuzzaman2020iot,
  title={Iot-enabled high efficiency smart solar charge controller with maximum power point tracking—Design, hardware implementation and performance testing},
  author={Rokonuzzaman, Md and Shakeri, Mohammad and Hamid, Fazrena Azlee and Mishu, Mahmuda Khatun and Pasupuleti, Jagadeesh and Rahman, Kazi Sajedur and Tiong, Sieh Kiong and Amin, Nowshad},
  journal={Electronics},
  volume={9},
  number={8},
  pages={1267},
  year={2020},
  publisher={MDPI}
}
@article{el2023developed,
  title={A developed IoT technique and P\&O-MPPT to enhance the output power of solar cell systems},
  author={El-Kammar, Raafat A and Hamed, Hesham FA and Elbaset, Adel A and Hossam, Aya and others},
  journal={Journal of Engineering Research},
  volume={7},
  number={5},
  pages={202--207},
  year={2023},
  publisher={Tanta University, Faculty of Engineering}
}
@inproceedings{wang2019new,
  title={A new smart sensing system using LoRaWAN for environmental monitoring},
  author={Wang, Yansong and Huang, Yi and Song, Chaoyun},
  booktitle={2019 Computing, Communications and IoT Applications (ComComAp)},
  pages={347--351},
  year={2019},
  organization={IEEE}
}
@inproceedings{zaini2020data,
  title={Data Visualization on Shrimp Pond Monitoring System Based on Temperature, pH, and DO (Dissolved Oxygen) with IoT},
  author={Zaini, Ahmad and Wulandari, Diah Puspito and Wulandari, Retno},
  booktitle={2020 International Conference on Computer Engineering, Network, and Intelligent Multimedia (CENIM)},
  pages={1--6},
  year={2020},
  organization={IEEE}
}
@article{khanhhe,
  title={Hệ thống {\dj}o lường v{\`a} gi{\'a}m s{\'a}t th{\^o}ng số m{\^o}i trường ao nu{\^o}i t{\^o}m c{\^o}ng nghiệp The System of Measuring and Monitoring Environmental Parameters of the Industrial Shrimp Ponds},
  author={Khanh, Nguyễn V{\u{a}}n and Bảo, Trần Gia and Ch{\^a}u, Huỳnh Ph{\'u} and Cương, Nguyễn T{\^o} and Sắt, Nguyễn V{\u{a}}n}
}
@inproceedings{islam2023iot,
  author={Islam, Md Nakibul and Aiman, Umme and Chowdhury, Md Hana Sultan and Peyal, Md Mahmudul Kabir and Monir, Md Fahad and Hasan, Mahady},
  title={IoT-based Salinity Detection Using Conductivity and Temperature for Developing Countries},
  booktitle={2023 IEEE 11th Region 10 Humanitarian Technology Conference (R10-HTC)},
  pages={1112--1117},
  year={2023},
  organization={IEEE}
}